%Hier paar Beispielquellen

@misc{assembly_in_dotnet,
  author = {IEvangelist AND gewarren AND tdykstra AND BillWagner AND nxtn AND TimShererWithAquent AND MSDN-WhiteKnight AND mairaw AND v-thepet AND sdmaclea AND nschonni AND bogdanbujdea AND lucasnobredev AND janvorli},
  url    = {https://learn.microsoft.com/de-de/dotnet/standard/assembly/},
  title  = {Assemblys in .NET},
  year   = {2022},
  note   = {Einsichtnahme: (14.06.2023)}
}

@misc{bka_bundeslagebild,
  author = {Bundeskriminalamt, 65173 Wiesbaden},
  url    = {https://www.bka.de/DE/AktuelleInformationen/StatistikenLagebilder/Lagebilder/Cybercrime/cybercrime_node.html},
  title  = {Cybercrime Bundeslagebild 2021},
  year   = {2022},
  note   = {Einsichtnahme: (05.06.2023)}
}

@book{csharp_5.0_in_a_nutshell_page_3_to_5,
  author    = {Albahari, Joseph AND Albahari, Ben},
  editor    = {Roumeliotos, Rachel},
  publisher = {O'REILLY},
  title     = {C\# 5.0 IN A NUTSHELL},
  year      = {2012},
  isbn      = {978-1-449-32010-2},
  note      = {Einsichtnahme: (16.06.2023)},
  pages     = {3-5},
  chapter   = {1: Introducing Csharp and the .NET Framework}
}

@book{csharp_5.0_in_a_nutshell_page_729_to_736,
  author    = {Albahari, Joseph AND Albahari, Ben},
  editor    = {Roumeliotos, Rachel},
  publisher = {O'REILLY},
  title     = {C\# 5.0 IN A NUTSHELL},
  year      = {2012},
  isbn      = {978-1-449-32010-2},
  note      = {Einsichtnahme: (16.06.2023)},
  pages     = {729-736},
  chapter   = {18: Assemblies}
}